%YAML 1.1
%TAG !u! tag:unity3d.com,2011:
--- !u!1 &4452017891175144055
GameObject:
  m_ObjectHideFlags: 0
  m_CorrespondingSourceObject: {fileID: 0}
  m_PrefabInstance: {fileID: 0}
  m_PrefabAsset: {fileID: 0}
  serializedVersion: 6
  m_Component:
  - component: {fileID: 4452017891175144010}
  - component: {fileID: 4452017891175144009}
  - component: {fileID: 4452017891175144008}
  m_Layer: 0
  m_Name: Point light 12
  m_TagString: Untagged
  m_Icon: {fileID: 0}
  m_NavMeshLayer: 0
  m_StaticEditorFlags: 0
  m_IsActive: 1
--- !u!4 &4452017891175144010
Transform:
  m_ObjectHideFlags: 0
  m_CorrespondingSourceObject: {fileID: 0}
  m_PrefabInstance: {fileID: 0}
  m_PrefabAsset: {fileID: 0}
  m_GameObject: {fileID: 4452017891175144055}
  m_LocalRotation: {x: -0.006035975, y: 0.024316486, z: 0.27925214, w: 0.9598909}
  m_LocalPosition: {x: -1.374001, y: -15.844914, z: -0.15299349}
  m_LocalScale: {x: 1.0913547, y: 1.2621139, z: 1.0001849}
  m_Children: []
  m_Father: {fileID: 6061919689041213159}
  m_RootOrder: 0
  m_LocalEulerAnglesHint: {x: 0, y: 0, z: 0}
--- !u!108 &4452017891175144009
Light:
  m_ObjectHideFlags: 0
  m_CorrespondingSourceObject: {fileID: 0}
  m_PrefabInstance: {fileID: 0}
  m_PrefabAsset: {fileID: 0}
  m_GameObject: {fileID: 4452017891175144055}
  m_Enabled: 1
  serializedVersion: 10
  m_Type: 2
  m_Shape: 0
  m_Color: {r: 1, g: 0.6914807, b: 0.1397059, a: 1}
  m_Intensity: 3
  m_Range: 10
  m_SpotAngle: 30
  m_InnerSpotAngle: 21.80208
  m_CookieSize: 10
  m_Shadows:
    m_Type: 0
    m_Resolution: -1
    m_CustomResolution: -1
    m_Strength: 0.75
    m_Bias: 0.05
    m_NormalBias: 0.4
    m_NearPlane: 0.2
    m_CullingMatrixOverride:
      e00: 1
      e01: 0
      e02: 0
      e03: 0
      e10: 0
      e11: 1
      e12: 0
      e13: 0
      e20: 0
      e21: 0
      e22: 1
      e23: 0
      e30: 0
      e31: 0
      e32: 0
      e33: 1
    m_UseCullingMatrixOverride: 0
  m_Cookie: {fileID: 0}
  m_DrawHalo: 0
  m_Flare: {fileID: 0}
  m_RenderMode: 0
  m_CullingMask:
    serializedVersion: 2
    m_Bits: 4294967295
  m_RenderingLayerMask: 1
  m_Lightmapping: 4
  m_LightShadowCasterMode: 0
  m_AreaSize: {x: 1, y: 1}
  m_BounceIntensity: 1
  m_ColorTemperature: 6570
  m_UseColorTemperature: 0
  m_BoundingSphereOverride: {x: 0, y: 0, z: 0, w: 0}
  m_UseBoundingSphereOverride: 0
  m_ShadowRadius: 0
  m_ShadowAngle: 0
--- !u!111 &4452017891175144008
Animation:
  m_ObjectHideFlags: 0
  m_CorrespondingSourceObject: {fileID: 0}
  m_PrefabInstance: {fileID: 0}
  m_PrefabAsset: {fileID: 0}
  m_GameObject: {fileID: 4452017891175144055}
  m_Enabled: 1
  serializedVersion: 3
  m_Animation: {fileID: 7400000, guid: bef94c75514300347a74498742c666af, type: 2}
  m_Animations:
  - {fileID: 7400000, guid: bef94c75514300347a74498742c666af, type: 2}
  m_WrapMode: 4
  m_PlayAutomatically: 1
  m_AnimatePhysics: 0
  m_CullingType: 0
--- !u!1 &9042158003185663384
GameObject:
  m_ObjectHideFlags: 0
  m_CorrespondingSourceObject: {fileID: 0}
  m_PrefabInstance: {fileID: 0}
  m_PrefabAsset: {fileID: 0}
  serializedVersion: 6
  m_Component:
  - component: {fileID: 6061919689041213159}
  m_Layer: 0
  m_Name: LongPillar1
  m_TagString: Untagged
  m_Icon: {fileID: 0}
  m_NavMeshLayer: 0
  m_StaticEditorFlags: 0
  m_IsActive: 1
--- !u!4 &6061919689041213159
Transform:
  m_ObjectHideFlags: 0
  m_CorrespondingSourceObject: {fileID: 0}
  m_PrefabInstance: {fileID: 0}
  m_PrefabAsset: {fileID: 0}
  m_GameObject: {fileID: 9042158003185663384}
  m_LocalRotation: {x: -0, y: 1, z: -0, w: 0.000002324581}
  m_LocalPosition: {x: -5.03, y: 10.33, z: 37.49}
  m_LocalScale: {x: 1, y: 0.7084292, z: 1}
  m_Children:
  - {fileID: 4452017891175144010}
  - {fileID: 4452017890741028313}
  - {fileID: 4452017892164521241}
  - {fileID: 4452017891146528896}
  - {fileID: 4452017891982274723}
  - {fileID: 4452017891372799019}
  - {fileID: 4452017892556167874}
  - {fileID: 4452017891799106017}
  - {fileID: 4452017891416806973}
  - {fileID: 4452017891317667515}
  - {fileID: 4452017891320653138}
  - {fileID: 4452017890537443591}
  m_Father: {fileID: 0}
  m_RootOrder: 0
  m_LocalEulerAnglesHint: {x: 0, y: 0, z: 0}
--- !u!1001 &4452017890537599399
PrefabInstance:
  m_ObjectHideFlags: 0
  serializedVersion: 2
  m_Modification:
    m_TransformParent: {fileID: 6061919689041213159}
    m_Modifications:
    - target: {fileID: 161912, guid: 33604d1ec5375e3488891483b470a427, type: 3}
      propertyPath: m_Name
      value: SM_Env_Wall_Pillar_Large_13
      objectReference: {fileID: 0}
    - target: {fileID: 161912, guid: 33604d1ec5375e3488891483b470a427, type: 3}
      propertyPath: m_IsActive
      value: 1
      objectReference: {fileID: 0}
    - target: {fileID: 417952, guid: 33604d1ec5375e3488891483b470a427, type: 3}
      propertyPath: m_LocalPosition.x
      value: 0
      objectReference: {fileID: 0}
    - target: {fileID: 417952, guid: 33604d1ec5375e3488891483b470a427, type: 3}
      propertyPath: m_LocalPosition.y
      value: -13.974579
      objectReference: {fileID: 0}
    - target: {fileID: 417952, guid: 33604d1ec5375e3488891483b470a427, type: 3}
      propertyPath: m_LocalPosition.z
      value: 0
      objectReference: {fileID: 0}
    - target: {fileID: 417952, guid: 33604d1ec5375e3488891483b470a427, type: 3}
      propertyPath: m_LocalRotation.x
      value: -0
      objectReference: {fileID: 0}
    - target: {fileID: 417952, guid: 33604d1ec5375e3488891483b470a427, type: 3}
      propertyPath: m_LocalRotation.y
      value: -0
      objectReference: {fileID: 0}
    - target: {fileID: 417952, guid: 33604d1ec5375e3488891483b470a427, type: 3}
      propertyPath: m_LocalRotation.z
      value: -0
      objectReference: {fileID: 0}
    - target: {fileID: 417952, guid: 33604d1ec5375e3488891483b470a427, type: 3}
      propertyPath: m_LocalRotation.w
      value: 1
      objectReference: {fileID: 0}
    - target: {fileID: 417952, guid: 33604d1ec5375e3488891483b470a427, type: 3}
      propertyPath: m_RootOrder
      value: 11
      objectReference: {fileID: 0}
    - target: {fileID: 417952, guid: 33604d1ec5375e3488891483b470a427, type: 3}
      propertyPath: m_LocalScale.y
      value: 1
      objectReference: {fileID: 0}
    m_RemovedComponents: []
  m_SourcePrefab: {fileID: 100100000, guid: 33604d1ec5375e3488891483b470a427, type: 3}
--- !u!4 &4452017890537443591 stripped
Transform:
  m_CorrespondingSourceObject: {fileID: 417952, guid: 33604d1ec5375e3488891483b470a427,
    type: 3}
  m_PrefabInstance: {fileID: 4452017890537599399}
  m_PrefabAsset: {fileID: 0}
--- !u!1001 &4452017890740892647
PrefabInstance:
  m_ObjectHideFlags: 0
  serializedVersion: 2
  m_Modification:
    m_TransformParent: {fileID: 6061919689041213159}
    m_Modifications:
    - target: {fileID: 103198, guid: f65b497ff807d95439b38e7da2fab667, type: 3}
      propertyPath: m_IsActive
      value: 1
      objectReference: {fileID: 0}
    - target: {fileID: 456254, guid: f65b497ff807d95439b38e7da2fab667, type: 3}
      propertyPath: m_LocalPosition.x
      value: -1.377001
      objectReference: {fileID: 0}
    - target: {fileID: 456254, guid: f65b497ff807d95439b38e7da2fab667, type: 3}
      propertyPath: m_LocalPosition.y
      value: -16.036888
      objectReference: {fileID: 0}
    - target: {fileID: 456254, guid: f65b497ff807d95439b38e7da2fab667, type: 3}
      propertyPath: m_LocalPosition.z
      value: -0.16199616
      objectReference: {fileID: 0}
    - target: {fileID: 456254, guid: f65b497ff807d95439b38e7da2fab667, type: 3}
      propertyPath: m_LocalRotation.x
      value: -0.006035975
      objectReference: {fileID: 0}
    - target: {fileID: 456254, guid: f65b497ff807d95439b38e7da2fab667, type: 3}
      propertyPath: m_LocalRotation.y
      value: 0.024316486
      objectReference: {fileID: 0}
    - target: {fileID: 456254, guid: f65b497ff807d95439b38e7da2fab667, type: 3}
      propertyPath: m_LocalRotation.z
      value: 0.27925214
      objectReference: {fileID: 0}
    - target: {fileID: 456254, guid: f65b497ff807d95439b38e7da2fab667, type: 3}
      propertyPath: m_LocalRotation.w
      value: 0.9598909
      objectReference: {fileID: 0}
    - target: {fileID: 456254, guid: f65b497ff807d95439b38e7da2fab667, type: 3}
      propertyPath: m_RootOrder
      value: 1
      objectReference: {fileID: 0}
    - target: {fileID: 456254, guid: f65b497ff807d95439b38e7da2fab667, type: 3}
      propertyPath: m_LocalScale.y
      value: -0.043943033
      objectReference: {fileID: 0}
    - target: {fileID: 456254, guid: f65b497ff807d95439b38e7da2fab667, type: 3}
      propertyPath: m_LocalScale.x
      value: 1.0913547
      objectReference: {fileID: 0}
    - target: {fileID: 456254, guid: f65b497ff807d95439b38e7da2fab667, type: 3}
      propertyPath: m_LocalScale.z
      value: 1.0001849
      objectReference: {fileID: 0}
    m_RemovedComponents: []
  m_SourcePrefab: {fileID: 100100000, guid: f65b497ff807d95439b38e7da2fab667, type: 3}
--- !u!4 &4452017890741028313 stripped
Transform:
  m_CorrespondingSourceObject: {fileID: 456254, guid: f65b497ff807d95439b38e7da2fab667,
    type: 3}
  m_PrefabInstance: {fileID: 4452017890740892647}
  m_PrefabAsset: {fileID: 0}
--- !u!1001 &4452017891146898912
PrefabInstance:
  m_ObjectHideFlags: 0
  serializedVersion: 2
  m_Modification:
    m_TransformParent: {fileID: 6061919689041213159}
    m_Modifications:
    - target: {fileID: 106042, guid: a9c41660a8948154890e05e9b6a4026e, type: 3}
      propertyPath: m_Name
      value: SM_Env_Pillar_Square_Base_17
      objectReference: {fileID: 0}
    - target: {fileID: 106042, guid: a9c41660a8948154890e05e9b6a4026e, type: 3}
      propertyPath: m_IsActive
      value: 1
      objectReference: {fileID: 0}
    - target: {fileID: 419168, guid: a9c41660a8948154890e05e9b6a4026e, type: 3}
      propertyPath: m_LocalPosition.x
      value: -0.030000256
      objectReference: {fileID: 0}
    - target: {fileID: 419168, guid: a9c41660a8948154890e05e9b6a4026e, type: 3}
      propertyPath: m_LocalPosition.y
      value: 6.4932394
      objectReference: {fileID: 0}
    - target: {fileID: 419168, guid: a9c41660a8948154890e05e9b6a4026e, type: 3}
      propertyPath: m_LocalPosition.z
      value: -0.009998182
      objectReference: {fileID: 0}
    - target: {fileID: 419168, guid: a9c41660a8948154890e05e9b6a4026e, type: 3}
      propertyPath: m_LocalRotation.x
      value: -1
      objectReference: {fileID: 0}
    - target: {fileID: 419168, guid: a9c41660a8948154890e05e9b6a4026e, type: 3}
      propertyPath: m_LocalRotation.y
      value: -0.00000035762787
      objectReference: {fileID: 0}
    - target: {fileID: 419168, guid: a9c41660a8948154890e05e9b6a4026e, type: 3}
      propertyPath: m_LocalRotation.z
      value: 0.000002324581
      objectReference: {fileID: 0}
    - target: {fileID: 419168, guid: a9c41660a8948154890e05e9b6a4026e, type: 3}
      propertyPath: m_LocalRotation.w
      value: 8.313349e-13
      objectReference: {fileID: 0}
    - target: {fileID: 419168, guid: a9c41660a8948154890e05e9b6a4026e, type: 3}
      propertyPath: m_RootOrder
      value: 3
      objectReference: {fileID: 0}
    - target: {fileID: 419168, guid: a9c41660a8948154890e05e9b6a4026e, type: 3}
      propertyPath: m_LocalScale.y
      value: 2.1173606
      objectReference: {fileID: 0}
    m_RemovedComponents: []
  m_SourcePrefab: {fileID: 100100000, guid: a9c41660a8948154890e05e9b6a4026e, type: 3}
--- !u!4 &4452017891146528896 stripped
Transform:
  m_CorrespondingSourceObject: {fileID: 419168, guid: a9c41660a8948154890e05e9b6a4026e,
    type: 3}
  m_PrefabInstance: {fileID: 4452017891146898912}
  m_PrefabAsset: {fileID: 0}
--- !u!1001 &4452017891317527515
PrefabInstance:
  m_ObjectHideFlags: 0
  serializedVersion: 2
  m_Modification:
    m_TransformParent: {fileID: 6061919689041213159}
    m_Modifications:
    - target: {fileID: 106042, guid: a9c41660a8948154890e05e9b6a4026e, type: 3}
      propertyPath: m_Name
      value: SM_Env_Pillar_Square_Base_05
      objectReference: {fileID: 0}
    - target: {fileID: 106042, guid: a9c41660a8948154890e05e9b6a4026e, type: 3}
      propertyPath: m_IsActive
      value: 1
      objectReference: {fileID: 0}
    - target: {fileID: 419168, guid: a9c41660a8948154890e05e9b6a4026e, type: 3}
      propertyPath: m_LocalPosition.x
      value: -0.030000256
      objectReference: {fileID: 0}
    - target: {fileID: 419168, guid: a9c41660a8948154890e05e9b6a4026e, type: 3}
      propertyPath: m_LocalPosition.y
      value: -21.639423
      objectReference: {fileID: 0}
    - target: {fileID: 419168, guid: a9c41660a8948154890e05e9b6a4026e, type: 3}
      propertyPath: m_LocalPosition.z
      value: -0.009998182
      objectReference: {fileID: 0}
    - target: {fileID: 419168, guid: a9c41660a8948154890e05e9b6a4026e, type: 3}
      propertyPath: m_LocalRotation.x
      value: -0
      objectReference: {fileID: 0}
    - target: {fileID: 419168, guid: a9c41660a8948154890e05e9b6a4026e, type: 3}
      propertyPath: m_LocalRotation.y
      value: -1
      objectReference: {fileID: 0}
    - target: {fileID: 419168, guid: a9c41660a8948154890e05e9b6a4026e, type: 3}
      propertyPath: m_LocalRotation.z
      value: -0
      objectReference: {fileID: 0}
    - target: {fileID: 419168, guid: a9c41660a8948154890e05e9b6a4026e, type: 3}
      propertyPath: m_LocalRotation.w
      value: 0.000002324581
      objectReference: {fileID: 0}
    - target: {fileID: 419168, guid: a9c41660a8948154890e05e9b6a4026e, type: 3}
      propertyPath: m_RootOrder
      value: 9
      objectReference: {fileID: 0}
    - target: {fileID: 419168, guid: a9c41660a8948154890e05e9b6a4026e, type: 3}
      propertyPath: m_LocalScale.y
      value: 1.4115736
      objectReference: {fileID: 0}
    m_RemovedComponents: []
  m_SourcePrefab: {fileID: 100100000, guid: a9c41660a8948154890e05e9b6a4026e, type: 3}
--- !u!4 &4452017891317667515 stripped
Transform:
  m_CorrespondingSourceObject: {fileID: 419168, guid: a9c41660a8948154890e05e9b6a4026e,
    type: 3}
  m_PrefabInstance: {fileID: 4452017891317527515}
  m_PrefabAsset: {fileID: 0}
--- !u!1001 &4452017891321021938
PrefabInstance:
  m_ObjectHideFlags: 0
  serializedVersion: 2
  m_Modification:
    m_TransformParent: {fileID: 6061919689041213159}
    m_Modifications:
    - target: {fileID: 161912, guid: 33604d1ec5375e3488891483b470a427, type: 3}
      propertyPath: m_Name
      value: SM_Env_Wall_Pillar_Large_05
      objectReference: {fileID: 0}
    - target: {fileID: 161912, guid: 33604d1ec5375e3488891483b470a427, type: 3}
      propertyPath: m_IsActive
      value: 1
      objectReference: {fileID: 0}
    - target: {fileID: 417952, guid: 33604d1ec5375e3488891483b470a427, type: 3}
      propertyPath: m_LocalPosition.x
      value: 0.0299995
      objectReference: {fileID: 0}
    - target: {fileID: 417952, guid: 33604d1ec5375e3488891483b470a427, type: 3}
      propertyPath: m_LocalPosition.y
      value: -21.004215
      objectReference: {fileID: 0}
    - target: {fileID: 417952, guid: 33604d1ec5375e3488891483b470a427, type: 3}
      propertyPath: m_LocalPosition.z
      value: -0.049999375
      objectReference: {fileID: 0}
    - target: {fileID: 417952, guid: 33604d1ec5375e3488891483b470a427, type: 3}
      propertyPath: m_LocalRotation.x
      value: -0
      objectReference: {fileID: 0}
    - target: {fileID: 417952, guid: 33604d1ec5375e3488891483b470a427, type: 3}
      propertyPath: m_LocalRotation.y
      value: -1
      objectReference: {fileID: 0}
    - target: {fileID: 417952, guid: 33604d1ec5375e3488891483b470a427, type: 3}
      propertyPath: m_LocalRotation.z
      value: -0
      objectReference: {fileID: 0}
    - target: {fileID: 417952, guid: 33604d1ec5375e3488891483b470a427, type: 3}
      propertyPath: m_LocalRotation.w
      value: 0.000002324581
      objectReference: {fileID: 0}
    - target: {fileID: 417952, guid: 33604d1ec5375e3488891483b470a427, type: 3}
      propertyPath: m_RootOrder
      value: 10
      objectReference: {fileID: 0}
    - target: {fileID: 417952, guid: 33604d1ec5375e3488891483b470a427, type: 3}
      propertyPath: m_LocalScale.y
      value: 1
      objectReference: {fileID: 0}
    m_RemovedComponents: []
  m_SourcePrefab: {fileID: 100100000, guid: 33604d1ec5375e3488891483b470a427, type: 3}
--- !u!4 &4452017891320653138 stripped
Transform:
  m_CorrespondingSourceObject: {fileID: 417952, guid: 33604d1ec5375e3488891483b470a427,
    type: 3}
  m_PrefabInstance: {fileID: 4452017891321021938}
  m_PrefabAsset: {fileID: 0}
--- !u!1001 &4452017891372600677
PrefabInstance:
  m_ObjectHideFlags: 0
  serializedVersion: 2
  m_Modification:
    m_TransformParent: {fileID: 6061919689041213159}
    m_Modifications:
    - target: {fileID: 192034, guid: 1d8a9d4bcbe4aeb488cb292d11c7c48d, type: 3}
      propertyPath: m_IsActive
      value: 1
      objectReference: {fileID: 0}
    - target: {fileID: 465230, guid: 1d8a9d4bcbe4aeb488cb292d11c7c48d, type: 3}
      propertyPath: m_LocalPosition.x
      value: -0.029995002
      objectReference: {fileID: 0}
    - target: {fileID: 465230, guid: 1d8a9d4bcbe4aeb488cb292d11c7c48d, type: 3}
      propertyPath: m_LocalPosition.y
      value: -3.9947534
      objectReference: {fileID: 0}
    - target: {fileID: 465230, guid: 1d8a9d4bcbe4aeb488cb292d11c7c48d, type: 3}
      propertyPath: m_LocalPosition.z
      value: 1.1200029
      objectReference: {fileID: 0}
    - target: {fileID: 465230, guid: 1d8a9d4bcbe4aeb488cb292d11c7c48d, type: 3}
      propertyPath: m_LocalRotation.x
      value: -0
      objectReference: {fileID: 0}
    - target: {fileID: 465230, guid: 1d8a9d4bcbe4aeb488cb292d11c7c48d, type: 3}
      propertyPath: m_LocalRotation.y
      value: -1
      objectReference: {fileID: 0}
    - target: {fileID: 465230, guid: 1d8a9d4bcbe4aeb488cb292d11c7c48d, type: 3}
      propertyPath: m_LocalRotation.z
      value: -0
      objectReference: {fileID: 0}
    - target: {fileID: 465230, guid: 1d8a9d4bcbe4aeb488cb292d11c7c48d, type: 3}
      propertyPath: m_LocalRotation.w
      value: 0.000002324581
      objectReference: {fileID: 0}
    - target: {fileID: 465230, guid: 1d8a9d4bcbe4aeb488cb292d11c7c48d, type: 3}
      propertyPath: m_RootOrder
      value: 5
      objectReference: {fileID: 0}
    - target: {fileID: 465230, guid: 1d8a9d4bcbe4aeb488cb292d11c7c48d, type: 3}
      propertyPath: m_LocalScale.y
      value: 1.4115736
      objectReference: {fileID: 0}
    m_RemovedComponents: []
  m_SourcePrefab: {fileID: 100100000, guid: 1d8a9d4bcbe4aeb488cb292d11c7c48d, type: 3}
--- !u!4 &4452017891372799019 stripped
Transform:
  m_CorrespondingSourceObject: {fileID: 465230, guid: 1d8a9d4bcbe4aeb488cb292d11c7c48d,
    type: 3}
  m_PrefabInstance: {fileID: 4452017891372600677}
  m_PrefabAsset: {fileID: 0}
--- !u!1001 &4452017891416700573
PrefabInstance:
  m_ObjectHideFlags: 0
  serializedVersion: 2
  m_Modification:
    m_TransformParent: {fileID: 6061919689041213159}
    m_Modifications:
    - target: {fileID: 161912, guid: 33604d1ec5375e3488891483b470a427, type: 3}
      propertyPath: m_Name
      value: SM_Env_Wall_Pillar_Large_20
      objectReference: {fileID: 0}
    - target: {fileID: 161912, guid: 33604d1ec5375e3488891483b470a427, type: 3}
      propertyPath: m_IsActive
      value: 1
      objectReference: {fileID: 0}
    - target: {fileID: 417952, guid: 33604d1ec5375e3488891483b470a427, type: 3}
      propertyPath: m_LocalPosition.x
      value: 0
      objectReference: {fileID: 0}
    - target: {fileID: 417952, guid: 33604d1ec5375e3488891483b470a427, type: 3}
      propertyPath: m_LocalPosition.y
      value: -6.9449425
      objectReference: {fileID: 0}
    - target: {fileID: 417952, guid: 33604d1ec5375e3488891483b470a427, type: 3}
      propertyPath: m_LocalPosition.z
      value: 0
      objectReference: {fileID: 0}
    - target: {fileID: 417952, guid: 33604d1ec5375e3488891483b470a427, type: 3}
      propertyPath: m_LocalRotation.x
      value: -0
      objectReference: {fileID: 0}
    - target: {fileID: 417952, guid: 33604d1ec5375e3488891483b470a427, type: 3}
      propertyPath: m_LocalRotation.y
      value: -0
      objectReference: {fileID: 0}
    - target: {fileID: 417952, guid: 33604d1ec5375e3488891483b470a427, type: 3}
      propertyPath: m_LocalRotation.z
      value: -0
      objectReference: {fileID: 0}
    - target: {fileID: 417952, guid: 33604d1ec5375e3488891483b470a427, type: 3}
      propertyPath: m_LocalRotation.w
      value: 1
      objectReference: {fileID: 0}
    - target: {fileID: 417952, guid: 33604d1ec5375e3488891483b470a427, type: 3}
      propertyPath: m_RootOrder
      value: 8
      objectReference: {fileID: 0}
    - target: {fileID: 417952, guid: 33604d1ec5375e3488891483b470a427, type: 3}
      propertyPath: m_LocalScale.y
      value: 1
      objectReference: {fileID: 0}
    m_RemovedComponents: []
  m_SourcePrefab: {fileID: 100100000, guid: 33604d1ec5375e3488891483b470a427, type: 3}
--- !u!4 &4452017891416806973 stripped
Transform:
  m_CorrespondingSourceObject: {fileID: 417952, guid: 33604d1ec5375e3488891483b470a427,
    type: 3}
  m_PrefabInstance: {fileID: 4452017891416700573}
  m_PrefabAsset: {fileID: 0}
--- !u!1001 &4452017891798738049
PrefabInstance:
  m_ObjectHideFlags: 0
  serializedVersion: 2
  m_Modification:
    m_TransformParent: {fileID: 6061919689041213159}
    m_Modifications:
    - target: {fileID: 106042, guid: a9c41660a8948154890e05e9b6a4026e, type: 3}
      propertyPath: m_Name
      value: SM_Env_Pillar_Square_Base_15
      objectReference: {fileID: 0}
    - target: {fileID: 106042, guid: a9c41660a8948154890e05e9b6a4026e, type: 3}
      propertyPath: m_IsActive
      value: 1
      objectReference: {fileID: 0}
    - target: {fileID: 419168, guid: a9c41660a8948154890e05e9b6a4026e, type: 3}
      propertyPath: m_LocalPosition.x
      value: -0.030000256
      objectReference: {fileID: 0}
    - target: {fileID: 419168, guid: a9c41660a8948154890e05e9b6a4026e, type: 3}
      propertyPath: m_LocalPosition.y
      value: -0.2117355
      objectReference: {fileID: 0}
    - target: {fileID: 419168, guid: a9c41660a8948154890e05e9b6a4026e, type: 3}
      propertyPath: m_LocalPosition.z
      value: -0.009998182
      objectReference: {fileID: 0}
    - target: {fileID: 419168, guid: a9c41660a8948154890e05e9b6a4026e, type: 3}
      propertyPath: m_LocalRotation.x
      value: -1
      objectReference: {fileID: 0}
    - target: {fileID: 419168, guid: a9c41660a8948154890e05e9b6a4026e, type: 3}
      propertyPath: m_LocalRotation.y
      value: -0.00000035762787
      objectReference: {fileID: 0}
    - target: {fileID: 419168, guid: a9c41660a8948154890e05e9b6a4026e, type: 3}
      propertyPath: m_LocalRotation.z
      value: 0.000002324581
      objectReference: {fileID: 0}
    - target: {fileID: 419168, guid: a9c41660a8948154890e05e9b6a4026e, type: 3}
      propertyPath: m_LocalRotation.w
      value: 8.313349e-13
      objectReference: {fileID: 0}
    - target: {fileID: 419168, guid: a9c41660a8948154890e05e9b6a4026e, type: 3}
      propertyPath: m_RootOrder
      value: 7
      objectReference: {fileID: 0}
    - target: {fileID: 419168, guid: a9c41660a8948154890e05e9b6a4026e, type: 3}
      propertyPath: m_LocalScale.y
      value: 2.1173606
      objectReference: {fileID: 0}
    m_RemovedComponents: []
  m_SourcePrefab: {fileID: 100100000, guid: a9c41660a8948154890e05e9b6a4026e, type: 3}
--- !u!4 &4452017891799106017 stripped
Transform:
  m_CorrespondingSourceObject: {fileID: 419168, guid: a9c41660a8948154890e05e9b6a4026e,
    type: 3}
  m_PrefabInstance: {fileID: 4452017891798738049}
  m_PrefabAsset: {fileID: 0}
--- !u!1001 &4452017891982643203
PrefabInstance:
  m_ObjectHideFlags: 0
  serializedVersion: 2
  m_Modification:
    m_TransformParent: {fileID: 6061919689041213159}
    m_Modifications:
    - target: {fileID: 161912, guid: 33604d1ec5375e3488891483b470a427, type: 3}
      propertyPath: m_Name
      value: SM_Env_Wall_Pillar_Large_28
      objectReference: {fileID: 0}
    - target: {fileID: 161912, guid: 33604d1ec5375e3488891483b470a427, type: 3}
      propertyPath: m_IsActive
      value: 1
      objectReference: {fileID: 0}
    - target: {fileID: 417952, guid: 33604d1ec5375e3488891483b470a427, type: 3}
      propertyPath: m_LocalPosition.x
      value: 0
      objectReference: {fileID: 0}
    - target: {fileID: 417952, guid: 33604d1ec5375e3488891483b470a427, type: 3}
      propertyPath: m_LocalPosition.y
      value: 0
      objectReference: {fileID: 0}
    - target: {fileID: 417952, guid: 33604d1ec5375e3488891483b470a427, type: 3}
      propertyPath: m_LocalPosition.z
      value: 0
      objectReference: {fileID: 0}
    - target: {fileID: 417952, guid: 33604d1ec5375e3488891483b470a427, type: 3}
      propertyPath: m_LocalRotation.x
      value: -0
      objectReference: {fileID: 0}
    - target: {fileID: 417952, guid: 33604d1ec5375e3488891483b470a427, type: 3}
      propertyPath: m_LocalRotation.y
      value: -0
      objectReference: {fileID: 0}
    - target: {fileID: 417952, guid: 33604d1ec5375e3488891483b470a427, type: 3}
      propertyPath: m_LocalRotation.z
      value: -0
      objectReference: {fileID: 0}
    - target: {fileID: 417952, guid: 33604d1ec5375e3488891483b470a427, type: 3}
      propertyPath: m_LocalRotation.w
      value: 1
      objectReference: {fileID: 0}
    - target: {fileID: 417952, guid: 33604d1ec5375e3488891483b470a427, type: 3}
      propertyPath: m_RootOrder
      value: 4
      objectReference: {fileID: 0}
    - target: {fileID: 417952, guid: 33604d1ec5375e3488891483b470a427, type: 3}
      propertyPath: m_LocalScale.y
      value: 1
      objectReference: {fileID: 0}
    m_RemovedComponents: []
  m_SourcePrefab: {fileID: 100100000, guid: 33604d1ec5375e3488891483b470a427, type: 3}
--- !u!4 &4452017891982274723 stripped
Transform:
  m_CorrespondingSourceObject: {fileID: 417952, guid: 33604d1ec5375e3488891483b470a427,
    type: 3}
  m_PrefabInstance: {fileID: 4452017891982643203}
  m_PrefabAsset: {fileID: 0}
--- !u!1001 &4452017892164191729
PrefabInstance:
  m_ObjectHideFlags: 0
  serializedVersion: 2
  m_Modification:
    m_TransformParent: {fileID: 6061919689041213159}
    m_Modifications:
    - target: {fileID: 198228, guid: ecfc727ab52f6f44da6c79e536989f0f, type: 3}
      propertyPath: m_IsActive
      value: 1
      objectReference: {fileID: 0}
    - target: {fileID: 461032, guid: ecfc727ab52f6f44da6c79e536989f0f, type: 3}
      propertyPath: m_LocalPosition.x
      value: -0.97700095
      objectReference: {fileID: 0}
    - target: {fileID: 461032, guid: ecfc727ab52f6f44da6c79e536989f0f, type: 3}
      propertyPath: m_LocalPosition.y
      value: -16.556347
      objectReference: {fileID: 0}
    - target: {fileID: 461032, guid: ecfc727ab52f6f44da6c79e536989f0f, type: 3}
      propertyPath: m_LocalPosition.z
      value: -0.1599953
      objectReference: {fileID: 0}
    - target: {fileID: 461032, guid: ecfc727ab52f6f44da6c79e536989f0f, type: 3}
      propertyPath: m_LocalRotation.x
      value: -0
      objectReference: {fileID: 0}
    - target: {fileID: 461032, guid: ecfc727ab52f6f44da6c79e536989f0f, type: 3}
      propertyPath: m_LocalRotation.y
      value: -0.70710593
      objectReference: {fileID: 0}
    - target: {fileID: 461032, guid: ecfc727ab52f6f44da6c79e536989f0f, type: 3}
      propertyPath: m_LocalRotation.z
      value: -0
      objectReference: {fileID: 0}
    - target: {fileID: 461032, guid: ecfc727ab52f6f44da6c79e536989f0f, type: 3}
      propertyPath: m_LocalRotation.w
      value: 0.70710766
      objectReference: {fileID: 0}
    - target: {fileID: 461032, guid: ecfc727ab52f6f44da6c79e536989f0f, type: 3}
      propertyPath: m_RootOrder
      value: 2
      objectReference: {fileID: 0}
    - target: {fileID: 461032, guid: ecfc727ab52f6f44da6c79e536989f0f, type: 3}
      propertyPath: m_LocalScale.y
      value: 1.4115736
      objectReference: {fileID: 0}
    m_RemovedComponents: []
  m_SourcePrefab: {fileID: 100100000, guid: ecfc727ab52f6f44da6c79e536989f0f, type: 3}
--- !u!4 &4452017892164521241 stripped
Transform:
  m_CorrespondingSourceObject: {fileID: 461032, guid: ecfc727ab52f6f44da6c79e536989f0f,
    type: 3}
  m_PrefabInstance: {fileID: 4452017892164191729}
  m_PrefabAsset: {fileID: 0}
--- !u!1001 &4452017892555834252
PrefabInstance:
  m_ObjectHideFlags: 0
  serializedVersion: 2
  m_Modification:
    m_TransformParent: {fileID: 6061919689041213159}
    m_Modifications:
    - target: {fileID: 192034, guid: 1d8a9d4bcbe4aeb488cb292d11c7c48d, type: 3}
      propertyPath: m_Name
      value: SM_Prop_Wall_Banner_11
      objectReference: {fileID: 0}
    - target: {fileID: 192034, guid: 1d8a9d4bcbe4aeb488cb292d11c7c48d, type: 3}
      propertyPath: m_IsActive
      value: 1
      objectReference: {fileID: 0}
    - target: {fileID: 465230, guid: 1d8a9d4bcbe4aeb488cb292d11c7c48d, type: 3}
      propertyPath: m_LocalPosition.x
      value: -0.030005418
      objectReference: {fileID: 0}
    - target: {fileID: 465230, guid: 1d8a9d4bcbe4aeb488cb292d11c7c48d, type: 3}
      propertyPath: m_LocalPosition.y
      value: -3.9947534
      objectReference: {fileID: 0}
    - target: {fileID: 465230, guid: 1d8a9d4bcbe4aeb488cb292d11c7c48d, type: 3}
      propertyPath: m_LocalPosition.z
      value: -1.1199988
      objectReference: {fileID: 0}
    - target: {fileID: 465230, guid: 1d8a9d4bcbe4aeb488cb292d11c7c48d, type: 3}
      propertyPath: m_LocalRotation.x
      value: -0
      objectReference: {fileID: 0}
    - target: {fileID: 465230, guid: 1d8a9d4bcbe4aeb488cb292d11c7c48d, type: 3}
      propertyPath: m_LocalRotation.y
      value: -0
      objectReference: {fileID: 0}
    - target: {fileID: 465230, guid: 1d8a9d4bcbe4aeb488cb292d11c7c48d, type: 3}
      propertyPath: m_LocalRotation.z
      value: -0
      objectReference: {fileID: 0}
    - target: {fileID: 465230, guid: 1d8a9d4bcbe4aeb488cb292d11c7c48d, type: 3}
      propertyPath: m_LocalRotation.w
      value: 1
      objectReference: {fileID: 0}
    - target: {fileID: 465230, guid: 1d8a9d4bcbe4aeb488cb292d11c7c48d, type: 3}
      propertyPath: m_RootOrder
      value: 6
      objectReference: {fileID: 0}
    - target: {fileID: 465230, guid: 1d8a9d4bcbe4aeb488cb292d11c7c48d, type: 3}
      propertyPath: m_LocalScale.y
      value: 1.4115736
      objectReference: {fileID: 0}
    m_RemovedComponents: []
  m_SourcePrefab: {fileID: 100100000, guid: 1d8a9d4bcbe4aeb488cb292d11c7c48d, type: 3}
--- !u!4 &4452017892556167874 stripped
Transform:
  m_CorrespondingSourceObject: {fileID: 465230, guid: 1d8a9d4bcbe4aeb488cb292d11c7c48d,
    type: 3}
  m_PrefabInstance: {fileID: 4452017892555834252}
  m_PrefabAsset: {fileID: 0}
